@misc{deGroot,
  title = {Computational Biomolecular Dynamics Group},
  author = {B. de Groot},
  publisher = {Max Planck Institute for Biophysical Chemistery},
  url = {http://www3.mpibpc.mpg.de/groups/de_groot/}
}
@book{thijssen,
  author    = {J.M. Thijssen}, 
  title     = {Computational Physics},
  publisher = {Cambridge University Press},
  year      = 2007,
  volume    = 4,
  series    = 10,
  address   = {Cambridge},
  edition   = 3,
  month     = 7,
  note      = {An optional note},
  isbn      = {3257227892}
}
@article{verlet,
  title = {Computer "Experiments" on Classical Fluids. I. Thermodynamical Properties of Lennard-Jones Molecules},
  author = {Verlet, Loup},
  journal = {Phys. Rev.},
  volume = {159},
  issue = {1},
  pages = {98--103},
  numpages = {0},
  year = {1967},
  month = {Jul},
  publisher = {American Physical Society},
  doi = {10.1103/PhysRev.159.98},
  url = {http://link.aps.org/doi/10.1103/PhysRev.159.98}
}
